<record><leader>02348cam a2200385 i 4500</leader><controlfield tag="001">6785841</controlfield><controlfield tag="003">OCoLC</controlfield><controlfield tag="005">20150408143917.0</controlfield><controlfield tag="008">150312t20152015maua     f    001 0 eng d</controlfield><datafield ind1=" " ind2=" " tag="020"><subfield code="a">9781457675522</subfield><subfield code="q">paperback</subfield></datafield><datafield ind1=" " ind2=" " tag="020"><subfield code="a">1457675528</subfield><subfield code="q">paperback</subfield></datafield><datafield ind1=" " ind2=" " tag="035"><subfield code="a">ocn904782721</subfield></datafield><datafield ind1=" " ind2=" " tag="039"><subfield code="a">exclude</subfield></datafield><datafield ind1=" " ind2=" " tag="040"><subfield code="a">VPW</subfield><subfield code="b">eng</subfield><subfield code="e">rda</subfield><subfield code="c">VPW</subfield><subfield code="d">TAC</subfield><subfield code="d">AEU</subfield></datafield><datafield ind1="1" ind2="4" tag="050"><subfield code="a">T11</subfield><subfield code="b">.B78 2015</subfield></datafield><datafield ind1="0" ind2="4" tag="082"><subfield code="a">808.0666</subfield><subfield code="2">23</subfield></datafield><datafield ind1=" " ind2=" " tag="090"><subfield code="a">T11 .B78 2015</subfield><subfield code="b">AEGMCT</subfield></datafield><datafield ind1="1" ind2=" " tag="100"><subfield code="a">Alred, Gerald J.,</subfield><subfield code="e">author.</subfield></datafield><datafield ind1="1" ind2="0" tag="245"><subfield code="a">Handbook of technical writing /</subfield><subfield code="c">Gerald J. Alred, Charles T. Brusaw, Walter E. Oliu.</subfield></datafield><datafield ind1=" " ind2=" " tag="250"><subfield code="a">Eleventh edition.</subfield></datafield><datafield ind1=" " ind2="1" tag="264"><subfield code="a">Boston :</subfield><subfield code="b">Bedford/St. Martins,</subfield><subfield code="c">[2015]</subfield></datafield><datafield ind1=" " ind2="4" tag="264"><subfield code="c">&#169;2015</subfield></datafield><datafield ind1=" " ind2=" " tag="300"><subfield code="a">xxii, 645 pages :</subfield><subfield code="b">illustrations ;</subfield><subfield code="c">21 cm</subfield></datafield><datafield ind1=" " ind2=" " tag="336"><subfield code="a">text</subfield><subfield code="b">txt</subfield><subfield code="2">rdacontent</subfield></datafield><datafield ind1=" " ind2=" " tag="337"><subfield code="a">unmediated</subfield><subfield code="b">n</subfield><subfield code="2">rdamedia</subfield></datafield><datafield ind1=" " ind2=" " tag="338"><subfield code="a">volume</subfield><subfield code="b">nc</subfield><subfield code="2">rdacarrier</subfield></datafield><datafield ind1=" " ind2=" " tag="500"><subfield code="a">Includes index.</subfield></datafield><datafield ind1="0" ind2=" " tag="505"><subfield code="a">Contents by topic -- Preface -- Five steps to successful writing -- Checklist of the writing process -- Handbook of technical writing: alphabetical entries -- Index -- Commonly misused words and phrases -- Model documents and figures by topic.</subfield></datafield><datafield ind1=" " ind2=" " tag="520"><subfield code="a">From formal reports and manuals to everyday e-mails, the Handbook of Technical Writing uses smart, accessible language to spotlight and clarify technical writing today. Hundreds of topic entries, 90+ sample documents, at-a-glance checklists, and dynamic videos break down the best-practices, models, and real-world skills that successful writers use to clearly and persuasively communicate technical information and data. Developed by a legendary author team with decades of combined academic and professional experience, the book's intuitive, alphabetical organization makes it easy to navigate its extensive coverage of grammar, usage, and style. Plus, updated, in-depth treatment of pressing issues like the job search, the writing process, documenting sources, and social media resonates both in class and on the job.</subfield></datafield><datafield ind1=" " ind2=" " tag="596"><subfield code="a">29</subfield></datafield><datafield ind1=" " ind2="0" tag="650"><subfield code="a">Technical writing</subfield><subfield code="v">Handbooks, manuals, etc.</subfield></datafield><datafield ind1="1" ind2=" " tag="700"><subfield code="a">Brusaw, Charles T.,</subfield><subfield code="e">author.</subfield></datafield><datafield ind1="1" ind2=" " tag="700"><subfield code="a">Oliu, Walter E.,</subfield><subfield code="e">author.</subfield></datafield><datafield ind1=" " ind2=" " tag="949"><subfield code="a">T11 .B78 2015</subfield><subfield code="h">GMCT-OS-B</subfield><subfield code="i">1007410739</subfield><subfield code="p">73.58</subfield><subfield code="k">AVAIL_SOON</subfield></datafield><datafield ind1=" " ind2=" " tag="926"><subfield code="a">T11 .B78 2015</subfield><subfield code="w">LC</subfield><subfield code="c">1</subfield><subfield code="i">1007410739</subfield><subfield code="d">11/7/2016</subfield><subfield code="e">10/26/2016</subfield><subfield code="l">ON_SHELF</subfield><subfield code="m">GR_MACEWAN</subfield><subfield code="n">5</subfield><subfield code="p">$73.58</subfield><subfield code="r">Y</subfield><subfield code="s">Y</subfield><subfield code="t">BOOK</subfield><subfield code="u">4/14/2015</subfield></datafield></record>